%% This BibTeX bibliography file was created using BibDesk.
%% http://bibdesk.sourceforge.net/

%% Created for Amelia McNamara 2 at 2018-12-28 17:05:02 -0600 


%% Saved with string encoding Unicode (UTF-8) 

@article{WicCoo2010
Author = {Hadley Wickham and Dianne Cook and Heike Hofmann and Andreas Buja},
	Date-Added = {2012-08-17 14:25:19 -0700},
	Date-Modified = {2018-06-19 16:59:54 +0000},
	Journal = {{IEEE} Transactions on Visualization and Computer Graphics},
	Keywords = {statistics, data visualization},
	Number = {6},
	Pages = {973-979},
	Title = {Graphical inference for infovis},
	Volume = {16},
	Year = {2010}
	}

@article{HeiRob2014,
	Author = {Richard M. Heiberger and Naomi B. Robbins},
	Date-Added = {2018-12-31 18:30:58 +0000},
	Date-Modified = {2018-12-31 18:31:45 +0000},
	Journal = {Journal of Statistical Software},
	Number = {5},
	Title = {Design of diverging stacked bar charts for {Likert} scales and other applications},
	Volume = {57},
	Year = {2014}}

@Manual{UshMcP2014,
    title = {packrat: A dependency management system for projects and their R package
        dependencies},
    author = {Kevin Ushey and Jonathan McPherson and Joe Cheng and JJ Allaire},
    year = {2014},
    note = {R package version 0.4.1-1},
    url = {http://CRAN.R-project.org/package=packrat},
  }

@manual{WicFra2015,
	Author = {Hadley Wickham and Romain Francois},
	Note = {R package version 0.4.1},
	Title = {dplyr: A Grammar of Data Manipulation},
	Url = {http://CRAN.R-project.org/package=dplyr},
	Year = {2015},
	Bdsk-Url-1 = {http://CRAN.R-project.org/package=dplyr}}

@inbook{Xie2014,
	Author = {Yihui Xie},
	Chapter = {{knitr}: A comprehensive tool for reproducible research in {R}},
	Date-Added = {2018-12-28 16:53:07 -0600},
	Date-Modified = {2018-12-28 16:54:05 -0600},
	Editor = {Victoria Stodden and Friedrich Leisch and Roger D Peng},
	Publisher = {Chapman \& Hall/CRC},
	Title = {Implementing Reproducible Research},
	Year = {2014}}

@book{Wil2005,
	Author = {Leland Wilkinson},
	Date-Added = {2018-12-28 16:51:15 -0600},
	Date-Modified = {2018-12-28 16:51:20 -0600},
	Publisher = {Springer Science + Business Media},
	Series = {Statistics and computing},
	Title = {The Grammar of Graphics},
	Year = {2005}}

@misc{McN2019,
	Author = {Amelia McNamara},
	Date-Added = {2018-12-28 14:52:46 -0600},
	Date-Modified = {2018-12-28 14:54:20 -0600},
	Howpublished = {\url{https://github.com/COSTDataExpo2013/AmeliaMN}},
	Title = {{COSTDataExpo2013/AmeliaMN}},
	Year = {2019}}

@article{Hof2019,
	Author = {Heike Hofmann and Hadley Wickham and Di Cook},
	Date-Added = {2018-12-28 14:49:58 -0600},
	Date-Modified = {2018-12-28 14:50:52 -0600},
	Journal = {Computational Statistics},
	Number = {YY},
	Title = {The 2013 Data Expo of the American Statistical Association},
	Volume = {XX},
	Year = {2019}}

@article{Lik1932,
	Author = {Rensis Likert},
	Date-Added = {2014-08-20 00:31:38 +0000},
	Date-Modified = {2014-08-20 00:32:21 +0000},
	Journal = {Archives of Psychology},
	Pages = {1-55},
	Title = {A Technique for the Measurement of Attitudes},
	Volume = {140},
	Year = {1932}}

@article{JacMat1971,
	Author = {Jacob Jacoby and Michael S Mattel},
	Date-Added = {2014-05-30 22:02:28 +0000},
	Date-Modified = {2014-05-30 22:04:08 +0000},
	Journal = {Journal of Marketing Research},
	Number = {4},
	Pages = {495-500},
	Title = {Three-point {L}ikert Scales are enough},
	Volume = {8},
	Year = {1971}}

@article{SteFin1999,
	Author = {Walter G Stephan and Krystina Finlay},
	Date-Added = {2014-05-30 21:25:14 +0000},
	Date-Modified = {2014-05-30 21:26:00 +0000},
	Journal = {Journal of Social Issues},
	Number = {4},
	Pages = {729-743},
	Title = {The Role of Empathy in improving intergroup relations},
	Volume = {55},
	Year = {1999}}

@inproceedings{RobHei2011,
	Author = {Naomi B. Robbins and Richard M. Heiberger},
	Booktitle = {Section on Survey Research Methods - JSM 2011},
	Date-Added = {2014-05-30 20:59:29 +0000},
	Date-Modified = {2014-05-31 03:33:52 +0000},
	Title = {Plotting {L}ikert and Other Rating Scales},
	Year = {2011}}

@article{Wic2011,
	Author = {Hadley Wickham},
	Date-Added = {2014-05-30 20:56:51 +0000},
	Date-Modified = {2014-05-30 20:57:22 +0000},
	Journal = {Journal of Statistical Software},
	Number = {1},
	Pages = {1-29},
	Title = {The Split-Apply-Combine Strategy for Data Analysis},
	Volume = {40},
	Year = {2011}}

@book{Wic2009,
	Author = {Hadley Wickham},
	Date-Added = {2014-05-30 20:55:59 +0000},
	Date-Modified = {2014-05-30 20:56:25 +0000},
	Publisher = {Springer New York},
	Title = {ggplot2: elegant graphics for data analysis},
	Year = {2009}}

@manual{R2014,
	Address = {Vienna, Austria},
	Author = {{R Core Team}},
	Date-Added = {2014-05-30 20:52:48 +0000},
	Date-Modified = {2014-05-30 20:54:21 +0000},
	Organization = {R Foundation for Statistical Computing},
	Title = {R: A Language and Environment for Statistical Computing},
	Url = {http://www.R-project.org},
	Year = {2014},
	Bdsk-Url-1 = {http://www.R-project.org}}

@booklet{KF2008,
	Author = {{Gallup Consulting}},
	Date-Added = {2014-05-23 22:07:28 +0000},
	Date-Modified = {2014-05-26 18:03:24 +0000},
	Month = {June},
	Title = {Soul of the Community: Presentation to the program directors},
	Year = {2008}}

@booklet{KF2009,
	Author = {{Gallup Poll}},
	Date-Added = {2014-05-23 22:06:48 +0000},
	Date-Modified = {2014-05-26 18:01:57 +0000},
	Month = {September},
	Title = {Soul of the Community Knight Communities Overall},
	Year = {2009}}

@booklet{KF2010,
	Author = {{Gallup Poll}},
	Date-Added = {2014-05-23 21:42:53 +0000},
	Date-Modified = {2014-05-26 18:02:03 +0000},
	Month = {November},
	Title = {Soul of the Community Knight Communities Overall},
	Year = {2010}}

@booklet{KF2010b,
	Author = {{Knight Foundation}},
	Date-Added = {2014-05-23 21:41:04 +0000},
	Date-Modified = {2014-05-26 18:01:47 +0000},
	Title = {Knight Soul of the Community 2010: Why People love where they live and why it matters: a National perspective},
	Year = {2010}}
